%YAML 1.1
%TAG !u! tag:unity3d.com,2011:
--- !u!1 &1434851197965980057
GameObject:
  m_ObjectHideFlags: 0
  m_CorrespondingSourceObject: {fileID: 0}
  m_PrefabInstance: {fileID: 0}
  m_PrefabAsset: {fileID: 0}
  serializedVersion: 6
  m_Component:
  - component: {fileID: 5305261442473290789}
  m_Layer: 0
  m_Name: Spaceship
  m_TagString: Untagged
  m_Icon: {fileID: 0}
  m_NavMeshLayer: 0
  m_StaticEditorFlags: 0
  m_IsActive: 1
--- !u!4 &5305261442473290789
Transform:
  m_ObjectHideFlags: 0
  m_CorrespondingSourceObject: {fileID: 0}
  m_PrefabInstance: {fileID: 0}
  m_PrefabAsset: {fileID: 0}
  m_GameObject: {fileID: 1434851197965980057}
  m_LocalRotation: {x: 0, y: 0, z: 0, w: 1}
  m_LocalPosition: {x: 182.32613, y: 6.6977544, z: 192.66396}
  m_LocalScale: {x: 1, y: 1, z: 1}
  m_Children:
  - {fileID: 9214543154179649552}
  - {fileID: 8865071067038064641}
  - {fileID: 6278042921314869360}
  - {fileID: 5330215289044826244}
  m_Father: {fileID: 0}
  m_RootOrder: 0
  m_LocalEulerAnglesHint: {x: 0, y: 0, z: 0}
--- !u!1 &3073164540835444976
GameObject:
  m_ObjectHideFlags: 0
  m_CorrespondingSourceObject: {fileID: 0}
  m_PrefabInstance: {fileID: 0}
  m_PrefabAsset: {fileID: 0}
  serializedVersion: 6
  m_Component:
  - component: {fileID: 5330215289044826244}
  - component: {fileID: 1582376740937630773}
  - component: {fileID: 1499014311004258519}
  m_Layer: 0
  m_Name: Camera5
  m_TagString: Untagged
  m_Icon: {fileID: 0}
  m_NavMeshLayer: 0
  m_StaticEditorFlags: 0
  m_IsActive: 1
--- !u!4 &5330215289044826244
Transform:
  m_ObjectHideFlags: 0
  m_CorrespondingSourceObject: {fileID: 0}
  m_PrefabInstance: {fileID: 0}
  m_PrefabAsset: {fileID: 0}
  m_GameObject: {fileID: 3073164540835444976}
  m_LocalRotation: {x: 0.048585247, y: -0.7595075, z: 0.64616305, w: -0.057107642}
  m_LocalPosition: {x: 0.8749075, y: -3.5260532, z: 5.6244087}
  m_LocalScale: {x: 1, y: 1, z: 1}
  m_Children: []
  m_Father: {fileID: 5305261442473290789}
  m_RootOrder: 3
  m_LocalEulerAnglesHint: {x: 0, y: 0, z: 0}
--- !u!20 &1582376740937630773
Camera:
  m_ObjectHideFlags: 0
  m_CorrespondingSourceObject: {fileID: 0}
  m_PrefabInstance: {fileID: 0}
  m_PrefabAsset: {fileID: 0}
  m_GameObject: {fileID: 3073164540835444976}
  m_Enabled: 1
  serializedVersion: 2
  m_ClearFlags: 1
  m_BackGroundColor: {r: 0.19215687, g: 0.3019608, b: 0.4745098, a: 0}
  m_projectionMatrixMode: 1
  m_GateFitMode: 2
  m_FOVAxisMode: 0
  m_SensorSize: {x: 36, y: 24}
  m_LensShift: {x: 0, y: 0}
  m_FocalLength: 50
  m_NormalizedViewPortRect:
    serializedVersion: 2
    x: 0
    y: 0
    width: 1
    height: 1
  near clip plane: 0.3
  far clip plane: 1000
  field of view: 60
  orthographic: 0
  orthographic size: 5
  m_Depth: 0
  m_CullingMask:
    serializedVersion: 2
    m_Bits: 4294967295
  m_RenderingPath: -1
  m_TargetTexture: {fileID: 0}
  m_TargetDisplay: 0
  m_TargetEye: 3
  m_HDR: 1
  m_AllowMSAA: 1
  m_AllowDynamicResolution: 0
  m_ForceIntoRT: 0
  m_OcclusionCulling: 1
  m_StereoConvergence: 10
  m_StereoSeparation: 0.022
--- !u!81 &1499014311004258519
AudioListener:
  m_ObjectHideFlags: 0
  m_CorrespondingSourceObject: {fileID: 0}
  m_PrefabInstance: {fileID: 0}
  m_PrefabAsset: {fileID: 0}
  m_GameObject: {fileID: 3073164540835444976}
  m_Enabled: 1
--- !u!1 &4016461354320315447
GameObject:
  m_ObjectHideFlags: 0
  m_CorrespondingSourceObject: {fileID: 0}
  m_PrefabInstance: {fileID: 0}
  m_PrefabAsset: {fileID: 0}
  serializedVersion: 6
  m_Component:
  - component: {fileID: 6278042921314869360}
  - component: {fileID: 2085766757013464837}
  - component: {fileID: 6582721578499264029}
  m_Layer: 0
  m_Name: Camera4
  m_TagString: Untagged
  m_Icon: {fileID: 0}
  m_NavMeshLayer: 0
  m_StaticEditorFlags: 0
  m_IsActive: 1
--- !u!4 &6278042921314869360
Transform:
  m_ObjectHideFlags: 0
  m_CorrespondingSourceObject: {fileID: 0}
  m_PrefabInstance: {fileID: 0}
  m_PrefabAsset: {fileID: 0}
  m_GameObject: {fileID: 4016461354320315447}
  m_LocalRotation: {x: 0.048585247, y: -0.7595075, z: 0.64616305, w: -0.057107642}
  m_LocalPosition: {x: 0.8749075, y: -3.5260532, z: 5.6244087}
  m_LocalScale: {x: 1, y: 1, z: 1}
  m_Children: []
  m_Father: {fileID: 5305261442473290789}
  m_RootOrder: 2
  m_LocalEulerAnglesHint: {x: 0, y: 0, z: 0}
--- !u!20 &2085766757013464837
Camera:
  m_ObjectHideFlags: 0
  m_CorrespondingSourceObject: {fileID: 0}
  m_PrefabInstance: {fileID: 0}
  m_PrefabAsset: {fileID: 0}
  m_GameObject: {fileID: 4016461354320315447}
  m_Enabled: 1
  serializedVersion: 2
  m_ClearFlags: 1
  m_BackGroundColor: {r: 0.19215687, g: 0.3019608, b: 0.4745098, a: 0}
  m_projectionMatrixMode: 1
  m_GateFitMode: 2
  m_FOVAxisMode: 0
  m_SensorSize: {x: 36, y: 24}
  m_LensShift: {x: 0, y: 0}
  m_FocalLength: 50
  m_NormalizedViewPortRect:
    serializedVersion: 2
    x: 0
    y: 0
    width: 1
    height: 1
  near clip plane: 0.3
  far clip plane: 1000
  field of view: 60
  orthographic: 0
  orthographic size: 5
  m_Depth: 0
  m_CullingMask:
    serializedVersion: 2
    m_Bits: 4294967295
  m_RenderingPath: -1
  m_TargetTexture: {fileID: 0}
  m_TargetDisplay: 0
  m_TargetEye: 3
  m_HDR: 1
  m_AllowMSAA: 1
  m_AllowDynamicResolution: 0
  m_ForceIntoRT: 0
  m_OcclusionCulling: 1
  m_StereoConvergence: 10
  m_StereoSeparation: 0.022
--- !u!81 &6582721578499264029
AudioListener:
  m_ObjectHideFlags: 0
  m_CorrespondingSourceObject: {fileID: 0}
  m_PrefabInstance: {fileID: 0}
  m_PrefabAsset: {fileID: 0}
  m_GameObject: {fileID: 4016461354320315447}
  m_Enabled: 1
--- !u!1 &5092160882067816753
GameObject:
  m_ObjectHideFlags: 0
  m_CorrespondingSourceObject: {fileID: 0}
  m_PrefabInstance: {fileID: 0}
  m_PrefabAsset: {fileID: 0}
  serializedVersion: 6
  m_Component:
  - component: {fileID: 8865071067038064641}
  m_Layer: 0
  m_Name: Burners
  m_TagString: Untagged
  m_Icon: {fileID: 0}
  m_NavMeshLayer: 0
  m_StaticEditorFlags: 0
  m_IsActive: 1
--- !u!4 &8865071067038064641
Transform:
  m_ObjectHideFlags: 0
  m_CorrespondingSourceObject: {fileID: 0}
  m_PrefabInstance: {fileID: 0}
  m_PrefabAsset: {fileID: 0}
  m_GameObject: {fileID: 5092160882067816753}
  m_LocalRotation: {x: -0, y: -0, z: -0, w: 1}
  m_LocalPosition: {x: -1.8075104, y: -1.7509093, z: 7.3768005}
  m_LocalScale: {x: 1, y: 1, z: 1}
  m_Children:
  - {fileID: 4974716096380780617}
  - {fileID: 7700169535574086086}
  - {fileID: 2981094028433188506}
  m_Father: {fileID: 5305261442473290789}
  m_RootOrder: 1
  m_LocalEulerAnglesHint: {x: 0, y: 0, z: 0}
--- !u!1001 &2149062762819508506
PrefabInstance:
  m_ObjectHideFlags: 0
  serializedVersion: 2
  m_Modification:
    m_TransformParent: {fileID: 8865071067038064641}
    m_Modifications:
    - target: {fileID: 3784847344465174208, guid: c7d509037c7ed234f847bb1aa3664022,
        type: 3}
      propertyPath: m_Name
      value: GB_flame_FX_1 (2)
      objectReference: {fileID: 0}
    - target: {fileID: 3786955588876648320, guid: c7d509037c7ed234f847bb1aa3664022,
        type: 3}
      propertyPath: m_LocalPosition.x
      value: 7.364
      objectReference: {fileID: 0}
    - target: {fileID: 3786955588876648320, guid: c7d509037c7ed234f847bb1aa3664022,
        type: 3}
      propertyPath: m_LocalPosition.y
      value: 1.362
      objectReference: {fileID: 0}
    - target: {fileID: 3786955588876648320, guid: c7d509037c7ed234f847bb1aa3664022,
        type: 3}
      propertyPath: m_LocalPosition.z
      value: -1.19
      objectReference: {fileID: 0}
    - target: {fileID: 3786955588876648320, guid: c7d509037c7ed234f847bb1aa3664022,
        type: 3}
      propertyPath: m_LocalRotation.x
      value: -0
      objectReference: {fileID: 0}
    - target: {fileID: 3786955588876648320, guid: c7d509037c7ed234f847bb1aa3664022,
        type: 3}
      propertyPath: m_LocalRotation.y
      value: -0
      objectReference: {fileID: 0}
    - target: {fileID: 3786955588876648320, guid: c7d509037c7ed234f847bb1aa3664022,
        type: 3}
      propertyPath: m_LocalRotation.z
      value: -0
      objectReference: {fileID: 0}
    - target: {fileID: 3786955588876648320, guid: c7d509037c7ed234f847bb1aa3664022,
        type: 3}
      propertyPath: m_LocalRotation.w
      value: 1
      objectReference: {fileID: 0}
    - target: {fileID: 3786955588876648320, guid: c7d509037c7ed234f847bb1aa3664022,
        type: 3}
      propertyPath: m_RootOrder
      value: 2
      objectReference: {fileID: 0}
    - target: {fileID: 3786955588876648320, guid: c7d509037c7ed234f847bb1aa3664022,
        type: 3}
      propertyPath: m_LocalEulerAnglesHint.x
      value: 0
      objectReference: {fileID: 0}
    - target: {fileID: 3786955588876648320, guid: c7d509037c7ed234f847bb1aa3664022,
        type: 3}
      propertyPath: m_LocalEulerAnglesHint.y
      value: 0
      objectReference: {fileID: 0}
    - target: {fileID: 3786955588876648320, guid: c7d509037c7ed234f847bb1aa3664022,
        type: 3}
      propertyPath: m_LocalEulerAnglesHint.z
      value: 0
      objectReference: {fileID: 0}
    m_RemovedComponents: []
  m_SourcePrefab: {fileID: 100100000, guid: c7d509037c7ed234f847bb1aa3664022, type: 3}
--- !u!4 &2981094028433188506 stripped
Transform:
  m_CorrespondingSourceObject: {fileID: 3786955588876648320, guid: c7d509037c7ed234f847bb1aa3664022,
    type: 3}
  m_PrefabInstance: {fileID: 2149062762819508506}
  m_PrefabAsset: {fileID: 0}
--- !u!1001 &6796362219346046534
PrefabInstance:
  m_ObjectHideFlags: 0
  serializedVersion: 2
  m_Modification:
    m_TransformParent: {fileID: 8865071067038064641}
    m_Modifications:
    - target: {fileID: 3784847344465174208, guid: c7d509037c7ed234f847bb1aa3664022,
        type: 3}
      propertyPath: m_Name
      value: GB_flame_FX_1 (1)
      objectReference: {fileID: 0}
    - target: {fileID: 3786955588876648320, guid: c7d509037c7ed234f847bb1aa3664022,
        type: 3}
      propertyPath: m_LocalPosition.x
      value: -3.637
      objectReference: {fileID: 0}
    - target: {fileID: 3786955588876648320, guid: c7d509037c7ed234f847bb1aa3664022,
        type: 3}
      propertyPath: m_LocalPosition.y
      value: 1.307
      objectReference: {fileID: 0}
    - target: {fileID: 3786955588876648320, guid: c7d509037c7ed234f847bb1aa3664022,
        type: 3}
      propertyPath: m_LocalPosition.z
      value: -1.102
      objectReference: {fileID: 0}
    - target: {fileID: 3786955588876648320, guid: c7d509037c7ed234f847bb1aa3664022,
        type: 3}
      propertyPath: m_LocalRotation.x
      value: -0
      objectReference: {fileID: 0}
    - target: {fileID: 3786955588876648320, guid: c7d509037c7ed234f847bb1aa3664022,
        type: 3}
      propertyPath: m_LocalRotation.y
      value: -0
      objectReference: {fileID: 0}
    - target: {fileID: 3786955588876648320, guid: c7d509037c7ed234f847bb1aa3664022,
        type: 3}
      propertyPath: m_LocalRotation.z
      value: -0
      objectReference: {fileID: 0}
    - target: {fileID: 3786955588876648320, guid: c7d509037c7ed234f847bb1aa3664022,
        type: 3}
      propertyPath: m_LocalRotation.w
      value: 1
      objectReference: {fileID: 0}
    - target: {fileID: 3786955588876648320, guid: c7d509037c7ed234f847bb1aa3664022,
        type: 3}
      propertyPath: m_RootOrder
      value: 1
      objectReference: {fileID: 0}
    - target: {fileID: 3786955588876648320, guid: c7d509037c7ed234f847bb1aa3664022,
        type: 3}
      propertyPath: m_LocalEulerAnglesHint.x
      value: 0
      objectReference: {fileID: 0}
    - target: {fileID: 3786955588876648320, guid: c7d509037c7ed234f847bb1aa3664022,
        type: 3}
      propertyPath: m_LocalEulerAnglesHint.y
      value: 0
      objectReference: {fileID: 0}
    - target: {fileID: 3786955588876648320, guid: c7d509037c7ed234f847bb1aa3664022,
        type: 3}
      propertyPath: m_LocalEulerAnglesHint.z
      value: 0
      objectReference: {fileID: 0}
    m_RemovedComponents: []
  m_SourcePrefab: {fileID: 100100000, guid: c7d509037c7ed234f847bb1aa3664022, type: 3}
--- !u!4 &7700169535574086086 stripped
Transform:
  m_CorrespondingSourceObject: {fileID: 3786955588876648320, guid: c7d509037c7ed234f847bb1aa3664022,
    type: 3}
  m_PrefabInstance: {fileID: 6796362219346046534}
  m_PrefabAsset: {fileID: 0}
--- !u!1001 &8179739675345158089
PrefabInstance:
  m_ObjectHideFlags: 0
  serializedVersion: 2
  m_Modification:
    m_TransformParent: {fileID: 8865071067038064641}
    m_Modifications:
    - target: {fileID: 3784847344465174208, guid: c7d509037c7ed234f847bb1aa3664022,
        type: 3}
      propertyPath: m_Name
      value: GB_flame_FX_1
      objectReference: {fileID: 0}
    - target: {fileID: 3786955588876648320, guid: c7d509037c7ed234f847bb1aa3664022,
        type: 3}
      propertyPath: m_LocalPosition.x
      value: 1.824
      objectReference: {fileID: 0}
    - target: {fileID: 3786955588876648320, guid: c7d509037c7ed234f847bb1aa3664022,
        type: 3}
      propertyPath: m_LocalPosition.y
      value: 2.353
      objectReference: {fileID: 0}
    - target: {fileID: 3786955588876648320, guid: c7d509037c7ed234f847bb1aa3664022,
        type: 3}
      propertyPath: m_LocalPosition.z
      value: -0.18
      objectReference: {fileID: 0}
    - target: {fileID: 3786955588876648320, guid: c7d509037c7ed234f847bb1aa3664022,
        type: 3}
      propertyPath: m_LocalRotation.x
      value: -0
      objectReference: {fileID: 0}
    - target: {fileID: 3786955588876648320, guid: c7d509037c7ed234f847bb1aa3664022,
        type: 3}
      propertyPath: m_LocalRotation.y
      value: -0
      objectReference: {fileID: 0}
    - target: {fileID: 3786955588876648320, guid: c7d509037c7ed234f847bb1aa3664022,
        type: 3}
      propertyPath: m_LocalRotation.z
      value: -0
      objectReference: {fileID: 0}
    - target: {fileID: 3786955588876648320, guid: c7d509037c7ed234f847bb1aa3664022,
        type: 3}
      propertyPath: m_LocalRotation.w
      value: 1
      objectReference: {fileID: 0}
    - target: {fileID: 3786955588876648320, guid: c7d509037c7ed234f847bb1aa3664022,
        type: 3}
      propertyPath: m_RootOrder
      value: 0
      objectReference: {fileID: 0}
    - target: {fileID: 3786955588876648320, guid: c7d509037c7ed234f847bb1aa3664022,
        type: 3}
      propertyPath: m_LocalEulerAnglesHint.x
      value: 0
      objectReference: {fileID: 0}
    - target: {fileID: 3786955588876648320, guid: c7d509037c7ed234f847bb1aa3664022,
        type: 3}
      propertyPath: m_LocalEulerAnglesHint.y
      value: 0
      objectReference: {fileID: 0}
    - target: {fileID: 3786955588876648320, guid: c7d509037c7ed234f847bb1aa3664022,
        type: 3}
      propertyPath: m_LocalEulerAnglesHint.z
      value: 0
      objectReference: {fileID: 0}
    m_RemovedComponents: []
  m_SourcePrefab: {fileID: 100100000, guid: c7d509037c7ed234f847bb1aa3664022, type: 3}
--- !u!4 &4974716096380780617 stripped
Transform:
  m_CorrespondingSourceObject: {fileID: 3786955588876648320, guid: c7d509037c7ed234f847bb1aa3664022,
    type: 3}
  m_PrefabInstance: {fileID: 8179739675345158089}
  m_PrefabAsset: {fileID: 0}
--- !u!1001 &9214543154179757492
PrefabInstance:
  m_ObjectHideFlags: 0
  serializedVersion: 2
  m_Modification:
    m_TransformParent: {fileID: 5305261442473290789}
    m_Modifications:
    - target: {fileID: 192754, guid: 81a45116981bb514c866bab4841bb1fe, type: 3}
      propertyPath: m_Name
      value: SpaceshipDiffuse
      objectReference: {fileID: 0}
    - target: {fileID: 452004, guid: 81a45116981bb514c866bab4841bb1fe, type: 3}
      propertyPath: m_LocalPosition.x
      value: -23
      objectReference: {fileID: 0}
    - target: {fileID: 452004, guid: 81a45116981bb514c866bab4841bb1fe, type: 3}
      propertyPath: m_LocalPosition.y
      value: -1.4
      objectReference: {fileID: 0}
    - target: {fileID: 452004, guid: 81a45116981bb514c866bab4841bb1fe, type: 3}
      propertyPath: m_LocalPosition.z
      value: -1.0639496
      objectReference: {fileID: 0}
    - target: {fileID: 452004, guid: 81a45116981bb514c866bab4841bb1fe, type: 3}
      propertyPath: m_LocalRotation.x
      value: -0
      objectReference: {fileID: 0}
    - target: {fileID: 452004, guid: 81a45116981bb514c866bab4841bb1fe, type: 3}
      propertyPath: m_LocalRotation.y
      value: -0
      objectReference: {fileID: 0}
    - target: {fileID: 452004, guid: 81a45116981bb514c866bab4841bb1fe, type: 3}
      propertyPath: m_LocalRotation.z
      value: -0
      objectReference: {fileID: 0}
    - target: {fileID: 452004, guid: 81a45116981bb514c866bab4841bb1fe, type: 3}
      propertyPath: m_LocalRotation.w
      value: 1
      objectReference: {fileID: 0}
    - target: {fileID: 452004, guid: 81a45116981bb514c866bab4841bb1fe, type: 3}
      propertyPath: m_RootOrder
      value: 0
      objectReference: {fileID: 0}
    - target: {fileID: 452004, guid: 81a45116981bb514c866bab4841bb1fe, type: 3}
      propertyPath: m_LocalEulerAnglesHint.x
      value: 0
      objectReference: {fileID: 0}
    - target: {fileID: 452004, guid: 81a45116981bb514c866bab4841bb1fe, type: 3}
      propertyPath: m_LocalEulerAnglesHint.y
      value: 0
      objectReference: {fileID: 0}
    - target: {fileID: 452004, guid: 81a45116981bb514c866bab4841bb1fe, type: 3}
      propertyPath: m_LocalEulerAnglesHint.z
      value: 0
      objectReference: {fileID: 0}
    - target: {fileID: 452004, guid: 81a45116981bb514c866bab4841bb1fe, type: 3}
      propertyPath: m_LocalScale.x
      value: 100
      objectReference: {fileID: 0}
    - target: {fileID: 452004, guid: 81a45116981bb514c866bab4841bb1fe, type: 3}
      propertyPath: m_LocalScale.y
      value: 100
      objectReference: {fileID: 0}
    - target: {fileID: 452004, guid: 81a45116981bb514c866bab4841bb1fe, type: 3}
      propertyPath: m_LocalScale.z
      value: 100
      objectReference: {fileID: 0}
    m_RemovedComponents: []
  m_SourcePrefab: {fileID: 100100000, guid: 81a45116981bb514c866bab4841bb1fe, type: 3}
--- !u!4 &9214543154179649552 stripped
Transform:
  m_CorrespondingSourceObject: {fileID: 452004, guid: 81a45116981bb514c866bab4841bb1fe,
    type: 3}
  m_PrefabInstance: {fileID: 9214543154179757492}
  m_PrefabAsset: {fileID: 0}
